<?xml version="1.0" encoding="UTF-8"?><record xmlns="http://www.loc.gov/MARC21/slim" xmlns:cinclude="http://apache.org/cocoon/include/1.0" xmlns:zs="http://www.loc.gov/zing/srw/">
  <leader>00416cz  a2200145n  4500</leader>
  <controlfield tag="001">n 2007084433</controlfield>
  <controlfield tag="003">DLC</controlfield>
  <controlfield tag="005">20071129075007.0</controlfield>
  <controlfield tag="008">071127n| acannaabn          |a aaa      </controlfield>
  <datafield tag="010" ind1=" " ind2=" ">
    <subfield code="a">n 2007084433</subfield>
  </datafield>
  <datafield tag="040" ind1=" " ind2=" ">
    <subfield code="a">DLC</subfield>
    <subfield code="b">eng</subfield>
    <subfield code="c">DLC</subfield>
    <subfield code="d">DLC</subfield>
  </datafield>
  <datafield tag="053" ind1=" " ind2="0">
    <subfield code="a">PS3610.A97</subfield>
  </datafield>
  <datafield tag="100" ind1="1" ind2=" ">
    <subfield code="a">Jayson, Iwen,</subfield>
    <subfield code="d">1974-</subfield>
  </datafield>
  <datafield tag="400" ind1="1" ind2=" ">
    <subfield code="a">Jayson, Jayson Iwen,</subfield>
    <subfield code="d">1974-</subfield>
  </datafield>
  <datafield tag="670" ind1=" " ind2=" ">
    <subfield code="a">A momentary jokebook, c2008:</subfield>
    <subfield code="b">ECIP t.p. (Jayson Iwen) data view (Feb. 8, 1974)</subfield>
  </datafield>
</record>